@Article{robotics10010047,
	AUTHOR = {Holland, Jane and Kingston, Liz and McCarthy, Conor and Armstrong, Eddie and O’Dwyer, Peter and Merz, Fionn and McConnell, Mark},
	TITLE = {Service Robots in the Healthcare Sector},
	JOURNAL = {Robotics},
	VOLUME = {10},
	YEAR = {2021},
	NUMBER = {1},
	ARTICLE-NUMBER = {47},
	URL = {https://www.mdpi.com/2218-6581/10/1/47},
	ISSN = {2218-6581},
	DOI = {10.3390/robotics10010047}
}

@article{FRAGAPANE2021405,
	title = {Planning and control of autonomous mobile robots for intralogistics: Literature review and research agenda},
	journal = {European Journal of Operational Research},
	volume = {294},
	number = {2},
	pages = {405-426},
	year = {2021},
	issn = {0377-2217},
	doi = {https://doi.org/10.1016/j.ejor.2021.01.019},
	url = {https://www.sciencedirect.com/science/article/pii/S0377221721000217}
}

@INPROCEEDINGS{6301139,
	author={Soroka, Anthony J. and Qiu, Renxi and Noyvirt, Alexandre and Ji, Ze},
	booktitle={IEEE 10th International Conference on Industrial Informatics}, 
	title={Challenges for service robots operating in non-industrial environments}, 
	year={2012},
	pages={1152-1157},
	keywords={Service robots;Hospitals;Floors;Legged locomotion;service robotics;mobile robots;domestic;hospital;robots;human robot interaction},
	doi={10.1109/INDIN.2012.6301139}
}

@misc{oshea2015introductionconvolutionalneuralnetworks,
	title={An Introduction to Convolutional Neural Networks}, 
	author={Keiron O'Shea and Ryan Nash},
	year={2015},
	eprint={1511.08458},
	archivePrefix={arXiv},
	primaryClass={cs.NE},
	url={https://arxiv.org/abs/1511.08458}, 
}

@article{ZHANG20209,
	title = {Recurrent neural network for motion trajectory prediction in human-robot collaborative assembly},
	journal = {CIRP Annals},
	volume = {69},
	number = {1},
	pages = {9-12},
	year = {2020},
	issn = {0007-8506},
	doi = {https://doi.org/10.1016/j.cirp.2020.04.077},
	url = {https://www.sciencedirect.com/science/article/pii/S0007850620300998},
	author = {Jianjing Zhang and Hongyi Liu and Qing Chang and Lihui Wang and Robert X. Gao},
	keywords = {Assembly, Motion, Machine learning}
}

@misc{kolve2022ai2thorinteractive3denvironment,
	title={AI2-THOR: An Interactive 3D Environment for Visual AI}, 
	author={Eric Kolve and Roozbeh Mottaghi and Winson Han and Eli VanderBilt and Luca Weihs and Alvaro Herrasti and Matt Deitke and Kiana Ehsani and Daniel Gordon and Yuke Zhu and Aniruddha Kembhavi and Abhinav Gupta and Ali Farhadi},
	year={2022},
	eprint={1712.05474},
	archivePrefix={arXiv},
	primaryClass={cs.CV},
	url={https://arxiv.org/abs/1712.05474}, 
}

@inproceedings{NEURIPS2021_021bbc7e,
	author = {Szot, Andrew and Clegg, Alexander and Undersander, Eric and Wijmans, Erik and Zhao, Yili and Turner, John and Maestre, Noah and Mukadam, Mustafa and Chaplot, Devendra Singh and Maksymets, Oleksandr and Gokaslan, Aaron and Vondru\v{s}, Vladim\'{\i}r and Dharur, Sameer and Meier, Franziska and Galuba, Wojciech and Chang, Angel and Kira, Zsolt and Koltun, Vladlen and Malik, Jitendra and Savva, Manolis and Batra, Dhruv},
	booktitle = {Advances in Neural Information Processing Systems},
	editor = {M. Ranzato and A. Beygelzimer and Y. Dauphin and P.S. Liang and J. Wortman Vaughan},
	pages = {251--266},
	publisher = {Curran Associates, Inc.},
	title = {Habitat 2.0: Training Home Assistants to Rearrange their Habitat},
	url = {https://proceedings.neurips.cc/paper_files/paper/2021/file/021bbc7ee20b71134d53e20206bd6feb-Paper.pdf},
	volume = {34},
	year = {2021}
}

@misc{urakami2022doorgymscalabledooropening,
	title={DoorGym: A Scalable Door Opening Environment And Baseline Agent}, 
	author={Yusuke Urakami and Alec Hodgkinson and Casey Carlin and Randall Leu and Luca Rigazio and Pieter Abbeel},
	year={2022},
	eprint={1908.01887},
	archivePrefix={arXiv},
	primaryClass={cs.RO},
	url={https://arxiv.org/abs/1908.01887}, 
}

@INPROCEEDINGS{1389727,
	author={Koenig, N. and Howard, A.},
	booktitle={2004 IEEE/RSJ International Conference on Intelligent Robots and Systems (IROS) (IEEE Cat. No.04CH37566)}, 
	title={Design and use paradigms for Gazebo, an open-source multi-robot simulator}, 
	year={2004},
	volume={3},
	number={},
	pages={2149-2154 vol.3},
	keywords={Open source software;Educational robots;Vehicle dynamics;Robot sensing systems;Packaging;Computational modeling;Service robots;Mobile robots;Friction;Testing},
	doi={10.1109/IROS.2004.1389727}
}

@INPROCEEDINGS{8793591,
	author={Collins, Jack and Howard, David and Leitner, Jurgen},
	booktitle={2019 International Conference on Robotics and Automation (ICRA)}, 
	title={Quantifying the Reality Gap in Robotic Manipulation Tasks}, 
	year={2019},
	volume={},
	number={},
	pages={6706-6712},
	keywords={Physics;Engines;Task analysis;Hardware;Manipulators;Computational modeling},
	doi={10.1109/ICRA.2019.8793591}
}

@article{10.1145/3422622,
	author = {Goodfellow, Ian and Pouget-Abadie, Jean and Mirza, Mehdi and Xu, Bing and Warde-Farley, David and Ozair, Sherjil and Courville, Aaron and Bengio, Yoshua},
	title = {Generative adversarial networks},
	year = {2020},
	issue_date = {November 2020},
	publisher = {Association for Computing Machinery},
	address = {New York, NY, USA},
	volume = {63},
	number = {11},
	issn = {0001-0782},
	url = {https://doi.org/10.1145/3422622},
	doi = {10.1145/3422622},
	journal = {Commun. ACM},
	month = {oct},
	pages = {139–144},
	numpages = {6}
}

@InProceedings{Shrivastava_2017_CVPR,
	author = {Shrivastava, Ashish and Pfister, Tomas and Tuzel, Oncel and Susskind, Joshua and Wang, Wenda and Webb, Russell},
	title = {Learning From Simulated and Unsupervised Images Through Adversarial Training},
	booktitle = {Proceedings of the IEEE Conference on Computer Vision and Pattern Recognition (CVPR)},
	month = {July},
	year = {2017}
}

@article{Shorten2019,
	author = {Connor Shorten, Taghi M. Khoshgoftaar},
	title = {A survey on Image Data Augmentation for Deep Learning},
	year = {2019},
	issn = {2196-1115},
	journal = {Journal of Big Data},
	url = {https://doi.org/10.1186/s40537-019-0197-0}
}

@inproceedings{NEURIPS2021_fb4c4860,
	author = {Rebuffi, Sylvestre-Alvise and Gowal, Sven and Calian, Dan Andrei and Stimberg, Florian and Wiles, Olivia and Mann, Timothy A},
	booktitle = {Advances in Neural Information Processing Systems},
	editor = {M. Ranzato and A. Beygelzimer and Y. Dauphin and P.S. Liang and J. Wortman Vaughan},
	pages = {29935--29948},
	publisher = {Curran Associates, Inc.},
	title = {Data Augmentation Can Improve Robustness},
	url = {https://proceedings.neurips.cc/paper_files/paper/2021/file/fb4c48608ce8825b558ccf07169a3421-Paper.pdf},
	volume = {34},
	year = {2021}
}

@Article{diagnostics12010040,
	AUTHOR = {Nauta, Meike and Walsh, Ricky and Dubowski, Adam and Seifert, Christin},
	TITLE = {Uncovering and Correcting Shortcut Learning in Machine Learning Models for Skin Cancer Diagnosis},
	JOURNAL = {Diagnostics},
	VOLUME = {12},
	YEAR = {2022},
	NUMBER = {1},
	ARTICLE-NUMBER = {40},
	URL = {https://www.mdpi.com/2075-4418/12/1/40},
	PubMedID = {35054207},
	ISSN = {2075-4418},
	DOI = {10.3390/diagnostics12010040}
}

@INPROCEEDINGS{8202133,
	author={Tobin, Josh and Fong, Rachel and Ray, Alex and Schneider, Jonas and Zaremba, Wojciech and Abbeel, Pieter},
	booktitle={2017 IEEE/RSJ International Conference on Intelligent Robots and Systems (IROS)}, 
	title={Domain randomization for transferring deep neural networks from simulation to the real world}, 
	year={2017},
	volume={},
	number={},
	pages={23-30},
	keywords={Robots;Training;Adaptation models;Three-dimensional displays;Cameras;Solid modeling;Data models},
	doi={10.1109/IROS.2017.8202133}
}